<?xml version="1.0" encoding="UTF-8"?><collection xmlns="http://www.loc.gov/MARC21/slim"><record><leader>00401nam--2200145-i-4500</leader><controlfield tag="001">000007107</controlfield><controlfield tag="002">20161230</controlfield><controlfield tag="005">20170113144621</controlfield><controlfield tag="008">060222s1000------------r-----000-0-eng-d</controlfield><datafield ind1=" " ind2=" " tag="100"><subfield code="a">Ayres, J. A</subfield></datafield><datafield ind1=" " ind2=" " tag="245"><subfield code="a">Decontamination for hapo water-cooled reactor systems : progress report</subfield></datafield><datafield ind1=" " ind2=" " tag="260"><subfield code="a">Richland Wash</subfield><subfield code="b">General Electric</subfield><subfield code="c">1962</subfield></datafield><datafield ind1=" " ind2=" " tag="300"><subfield code="a">121 p</subfield></datafield><datafield ind1=" " ind2=" " tag="852"><subfield code="a">20952</subfield></datafield><datafield ind1=" " ind2=" " tag="CAT"><subfield code="a">SYS</subfield><subfield code="c">20170113</subfield><subfield code="h">144621</subfield></datafield></record></collection>